@article{carneiro2018performance,
  title={Performance Analysis of Google Colaboratory as a Tool for Accelerating Deep Learning Applications},
  author={Carneiro, Tiago and Da N{\'o}brega, Raul Victor Medeiros and Nepomuceno, Thiago and Bian, Gui-Bin and De Albuquerque, Victor Hugo C and Reboucas Filho, Pedro Pedrosa},
  journal={IEEE Access},
  volume={6},
  pages={61677--61685},
  year={2018},
  publisher={IEEE}
}

@article{srivastava2014dropout,
  title={Dropout: a simple way to prevent neural networks from overfitting},
  author={Srivastava, Nitish and Hinton, Geoffrey and Krizhevsky, Alex and Sutskever, Ilya and Salakhutdinov, Ruslan},
  journal={The journal of machine learning research},
  volume={15},
  number={1},
  pages={1929--1958},
  year={2014},
  publisher={JMLR. org}
}